@ARTICLE{bowman:reasoning,
	AUTHOR = "Mic Bowman and Saumya K. Debray and Larry L. Peterson",
	TITLE = "Reasoning About Naming Systems",
	JOURNAL = "ACM Trans. Program. Lang. Syst.",
	VOLUME = {15},
	NUMBER = {5},
	PAGES = {795-825},
	MONTH = "November",
	YEAR = {1993}	}

@ARTICLE{braams:babel,
	AUTHOR = "Johannes Braams",
	TITLE = "Babel, a Multilingual Style-Option System for Use with LaTeX's Standard Document Styles",
	JOURNAL = {TUGboat},
	VOLUME = {12},
	NUMBER = {2},
	PAGES = {291-301},
	MONTH = "June",
	YEAR = {1991}	}

@INPROCEEDINGS{clark:pct,
	AUTHOR = "Malcolm Clark",
	ORGANIZATION = "TeX Users Group",
	TITLE = "Post Congress Tristesse",
	BOOKTITLE = "TeX90 Conference Proceedings",
	PAGES = "84-89",
	MONTH = "March", 
	YEAR = {1991}	}

@ARTICLE{herlihy:methodology,
	AUTHOR = "Maurice Herlihy",
	TITLE = "A Methodology for Implementing Highly Concurrent
	Data Objects",
	JOURNAL = {ACM Trans. Program. Lang. Syst.},
	VOLUME = {15},
	NUMBER = {5},
	PAGES = {745-770},
	MONTH = "November",
	YEAR = {1993}	}

@BOOK{Lamport:LaTeX,
	AUTHOR = "Leslie Lamport",
	TITLE = "LaTeX User's Guide and Document Reference Manual",
	PUBLISHER = "Addison-Wesley Publishing Company",
	ADDRESS = "Reading, Massachusetts",
	YEAR = "1986"	}

@BOOK{salas:calculus,
	AUTHOR = "S.L. Salas and Einar Hille",
	TITLE = "Calculus: One and Several Variable",
	PUBLISHER = "John Wiley and Sons",
	ADDRESS = "New York",
	YEAR = "1978"	}

@misc{pervasivecomputing,
    author = "Wikipedia",
    title = "Ubiquitous computing --- Wikipedia{,} The Free Encyclopedia",
    year = "2017",
    url = "https://en.wikipedia.org/w/index.php?title=Ubiquitous_computing&oldid=801050281"}

@misc{iotcomputing,
    author = "Wikipedia",
    title = "Internet of things --- Wikipedia{,} The Free Encyclopedia",
    year = "2017",
    url = "https://en.wikipedia.org/w/index.php?title=Internet_of_things&oldid=801421129"}

@misc{strategypattern,
    author = "Wikipedia",
    title = "Strategy pattern --- Wikipedia{,} The Free Encyclopedia",
    year = "2017",
    url = "https://en.wikipedia.org/w/index.php?title=Strategy_pattern&oldid=797613239"}

@INPROCEEDINGS{kiczalesetallaop,
	AUTHOR = "Gregor Kiczales,John Lamping,Anurag Mendhekar",
	ORGANIZATION = "g",
	TITLE = "Aspect-oriented Programming",
	BOOKTITLE = "11th European Conference on object-Oriented Programming, volume 1241",
	PAGES = "220-242",
	YEAR = {1997}}

@inproceedings{Keays:2003:CP:940923.940926,
 author = {Keays, Roger and Rakotonirainy, Andry},
 title = {Context-oriented Programming},
 booktitle = {Proceedings of the 3rd ACM International Workshop on Data Engineering for Wireless and Mobile Access},
 series = {MobiDe '03},
 year = {2003},
 isbn = {1-58113-767-2},
 location = {San Diego, CA, USA},
 pages = {9--16},
 numpages = {8},
 url = {http://doi.acm.org/10.1145/940923.940926},
 doi = {10.1145/940923.940926},
 acmid = {940926},
 publisher = {ACM},
 address = {New York, NY, USA},
 keywords = {context, context-oriented programming, mobile, pervasive, programming, ubiquitous},
} 